<record><leader>00000cas a22000007a 4500</leader><controlfield tag="001">10670314</controlfield><controlfield tag="008">840427d19201931ilumr ne      0    0cze d</controlfield><datafield ind1=" " ind2=" " tag="010"><subfield code="a">sn 84028280 </subfield></datafield><datafield ind1=" " ind2=" " tag="040"><subfield code="a">NPY</subfield><subfield code="b">eng</subfield><subfield code="c">NPY</subfield><subfield code="d">OCLCQ</subfield><subfield code="d">OCLCO</subfield></datafield><datafield ind1="1" ind2=" " tag="029"><subfield code="a">AU@</subfield><subfield code="b">000025793673</subfield></datafield><datafield ind1="0" ind2=" " tag="041"><subfield code="a">czeeng</subfield></datafield><datafield ind1=" " ind2=" " tag="042"><subfield code="a">msc</subfield></datafield><datafield ind1="0" ind2="0" tag="245"><subfield code="a">Jedna velka&#769; unie =</subfield><subfield code="b">One big union.</subfield></datafield><datafield ind1="3" ind2="1" tag="246"><subfield code="a">One big union</subfield></datafield><datafield ind1=" " ind2=" " tag="260"><subfield code="a">Chicago, Ill. :</subfield><subfield code="b">General Executive Board of the I.W.W.</subfield></datafield><datafield ind1=" " ind2=" " tag="300"><subfield code="a">v. ;</subfield><subfield code="c">36-41 cm.</subfield></datafield><datafield ind1=" " ind2=" " tag="310"><subfield code="a">Monthly,</subfield><subfield code="b">Apr. 1, 1931-</subfield></datafield><datafield ind1=" " ind2=" " tag="321"><subfield code="a">Weekly,</subfield><subfield code="b">&lt;1920&gt;-June 1, 1929</subfield></datafield><datafield ind1=" " ind2=" " tag="321"><subfield code="a">Semimonthly,</subfield><subfield code="b">June 15, 1929-Mar. 1, 1931</subfield></datafield><datafield ind1="1" ind2=" " tag="362"><subfield code="a">Began in 1920 ; ceased in 1931.</subfield><subfield code="z">Cf. Jarabek, E. Czechs and Slovaks in North America, 1976.</subfield></datafield><datafield ind1=" " ind2=" " tag="500"><subfield code="a">Imprint varies: from Oct. 15, 1929 published in Cleveland, Ohio.</subfield></datafield><datafield ind1=" " ind2=" " tag="500"><subfield code="a">Editor: Ste&#769;phen Bielik, &lt;1929&gt;.</subfield></datafield><datafield ind1=" " ind2=" " tag="546"><subfield code="a">In Czech and English.</subfield></datafield><datafield ind1=" " ind2=" " tag="550"><subfield code="a">Czecho-Slovak Organ of the Industrial Workers of the World.</subfield></datafield><datafield ind1=" " ind2=" " tag="588"><subfield code="a">Description based on: Roc&#780;. 9, c&#780;is. 42 (Apr. 6, 1929).</subfield></datafield><datafield ind1="1" ind2=" " tag="700"><subfield code="a">Bielik, Ste&#769;phen.</subfield></datafield><datafield ind1="2" ind2=" " tag="710"><subfield code="a">Industrial Workers of the World.</subfield></datafield><datafield ind1=" " ind2=" " tag="752"><subfield code="a">United States</subfield><subfield code="b">Illinois</subfield><subfield code="c">Cook</subfield><subfield code="d">Chicago.</subfield></datafield><datafield ind1=" " ind2=" " tag="752"><subfield code="a">United States</subfield><subfield code="b">Ohio</subfield><subfield code="c">Cuyahoga</subfield><subfield code="d">Cleveland.</subfield></datafield></record>